%% This BibTeX bibliography file was created using BibDesk.
%% http://bibdesk.sourceforge.net/
%% Saved with string encoding Western (Windows Latin 1) 

@article{green,
	Author = {D. Green and P. Wilson},
	Journal = {Disability and Rehabilitation},
	Pages = {593-604},
	Title = {Use of virtual reality in rehabilitation of movement in children with hemiplegia - A multiple case study evaluation},
	Volume = {34},
	Year = {2012}
}

@article{brezinka,
	Author = {Brezinka, V.},
	Journal = {Studies in Health Technology and Informatics},
	Pages = {71-76},
	Title = {Treasure hunt - a serious game to support psychotherapeutic treatment of children},
	Volume = {136},
	Year = {2008}
}

@article{rahman,
	Author = {Rahman, Abdur},
	Journal = {International Journal of Distributed Sensor Networks},
	Pages = {12},
	Title = {Multisensor Serious Game-Based Therapy Environment for Hemiplegic Patients},
	Volume = {2015},
	Year = {2015}
}

@article{diloreto,
	Author = {Di Loreto, Ines and Lange, Benoit and Seilles,Antoine and Dyce, William and Andary, Sebastien},
	Journal = {Serious Games Development and Applications},
	Pages = {70-75},
	Title = {Game Design for All: The Example of Hammer and Planks},
	Volume = {8101},
	Year = {2013}
}

@article{Munzner:2009:NMV:1638611.1639181,
 author = {Munzner, Tamara},
 title = {A Nested Model for Visualization Design and Validation},
 journal = {IEEE Transactions on Visualization and Computer Graphics},
 issue_date = {November 2009},
 volume = {15},
 number = {6},
 month = nov,
 year = {2009},
 issn = {1077-2626},
 pages = {921--928},
 numpages = {8},
 url = {http://dx.doi.org/10.1109/TVCG.2009.111},
 doi = {10.1109/TVCG.2009.111},
 acmid = {1639181},
 publisher = {IEEE Educational Activities Department},
 address = {Piscataway, NJ, USA},
 keywords = {Models, Models, frameworks, design, evaluation., design, evaluation., frameworks},
} 



